
@TechReport{	  AAOSoftwareTeam2015,
  title		= {2dfdr: {{Data}} Reduction Software},
  author	= {{AAO Software Team}},
  year		= {2015},
  month		= may,
  institution	= {{Astrophysics Source Code Library}}
}

@Article{	  Armandroff1991,
  title		= {Metallicities for Old Stellar Systems from {{CA II}}
		  Triplet Strengths in Member Giants},
  author	= {Armandroff, T. E. and Da Costa, G. S.},
  year		= {1991},
  month		= apr,
  volume	= {101},
  pages		= {1329},
  issn		= {00046256},
  doi		= {10.1086/115769},
  journal	= {\aj}
}

@Article{	  Brough2014,
  title		= {{{AAOmega Spectrograph News}}},
  author	= {Brough, S and Green, A and Bryant, J},
  year		= {2014},
  month		= aug,
  volume	= {126},
  pages		= {15},
  journal	= {Anglo-Australian Obs. Epping Newsl.}
}

@Article{	  Carrera2007,
  title		= {The {{Infrared Ca}} {\textsc{Ii}} {{Triplet}} as
		  {{Metallicity Indicator}}},
  author	= {Carrera, R. and Gallart, C. and Pancino, E. and Zinn, R.},
  year		= {2007},
  month		= sep,
  volume	= {134},
  pages		= {1298--1314},
  issn		= {0004-6256, 1538-3881},
  doi		= {10.1086/520803},
  journal	= {\aj},
  number	= {3}
}

@Article{	  Carrera2013,
  title		= {The Near-Infrared {{Ca}} Ii Triplet as a Metallicity
		  Indicator \textendash{} {{II}}. {{Extension}} to Extremely
		  Metal-Poor Metallicity Regimes\ding{72}},
  author	= {Carrera, R. and Pancino, E. and Gallart, C. and {del
		  Pino}, A.},
  year		= {2013},
  month		= jul,
  volume	= {434},
  pages		= {1681--1691},
  issn		= {0035-8711, 1365-2966},
  doi		= {10.1093/mnras/stt1126},
  journal	= {\mnras},
  number	= {2}
}

@Article{	  Cole2004,
  title		= {The Effects of Age on Red Giant Metallicities Derived from
		  the Near-Infrared {{Ca II}} Triplet},
  author	= {Cole, A. A. and {Smecker-Hane}, T. A. and Tolstoy, E. and
		  Bosler, T. L. and Gallagher, J. S.},
  year		= {2004},
  month		= jan,
  volume	= {347},
  pages		= {367--379},
  issn		= {0035-8711, 1365-2966},
  doi		= {10.1111/j.1365-2966.2004.07223.x},
  journal	= {\mnras},
  number	= {2}
}

@Article{	  Evans2018a,
  title		= {{\emph{Gaia}} {{Data Release}} 2: {{Photometric}} Content
		  and Validation},
  author	= {Evans, D. W. and Riello, M. and De Angeli, F. and
		  Carrasco, J. M. and Montegriffo, P. and Fabricius, C. and
		  Jordi, C. and Palaversa, L. and Diener, C. and Busso, G.
		  and Cacciari, C. and {van Leeuwen}, F. and Burgess, P. W.
		  and Davidson, M. and Harrison, D. L. and Hodgkin, S. T. and
		  Pancino, E. and Richards, P. J. and Altavilla, G. and
		  {Balaguer-N{\'u}{\~n}ez}, L. and Barstow, M. A. and
		  Bellazzini, M. and Brown, A. G. A. and Castellani, M. and
		  Cocozza, G. and De Luise, F. and Delgado, A. and Ducourant,
		  C. and Galleti, S. and Gilmore, G. and Giuffrida, G. and
		  Holl, B. and Kewley, A. and Koposov, S. E. and Marinoni, S.
		  and Marrese, P. M. and Osborne, P. J. and Piersimoni, A.
		  and Portell, J. and Pulone, L. and Ragaini, S. and Sanna,
		  N. and Terrett, D. and Walton, N. A. and Wevers, T. and
		  Wyrzykowski, {\L}.},
  year		= {2018},
  month		= aug,
  volume	= {616},
  pages		= {A4},
  issn		= {0004-6361, 1432-0746},
  doi		= {10.1051/0004-6361/201832756},
  journal	= {\aap}
}

@Article{	  Foreman-Mackey2013a,
  title		= {Emcee : {{The MCMC Hammer}}},
  author	= {{Foreman-Mackey}, Daniel and Hogg, David W. and Lang,
		  Dustin and Goodman, Jonathan},
  year		= {2013},
  month		= mar,
  volume	= {125},
  pages		= {306--312},
  issn		= {00046280, 15383873},
  doi		= {10.1086/670067},
  journal	= {\pasp},
  number	= {925}
}

@Article{	  GaiaCollaboration2016,
  title		= {The {{{\emph{Gaia}}}} Mission},
  author	= {{Gaia Collaboration} and others},
  year		= {2016},
  month		= nov,
  volume	= {595},
  pages		= {A1},
  issn		= {0004-6361, 1432-0746},
  doi		= {10.1051/0004-6361/201629272},
  journal	= {\aap}
}

@Article{	  GaiaCollaboration2018a,
  title		= {{\emph{Gaia}} {{Data Release}} 2: {{Summary}} of the
		  Contents and Survey Properties},
  author	= {{Gaia Collaboration} and others},
  year		= {2018},
  month		= aug,
  volume	= {616},
  pages		= {A1},
  issn		= {0004-6361, 1432-0746},
  doi		= {10.1051/0004-6361/201833051},
  journal	= {\aap}
}

@Article{	  GaiaCollaboration2018b,
  title		= {{\emph{Gaia}} {{Data Release}} 2: {{Observational
		  Hertzsprung}}-{{Russell}} Diagrams\ding{72}},
  author	= {{Gaia Collaboration} and others},
  year		= {2018},
  month		= aug,
  volume	= {616},
  pages		= {A10},
  issn		= {0004-6361, 1432-0746},
  doi		= {10.1051/0004-6361/201832843},
  journal	= {\aap}
}

@Article{	  Ida2000,
  title		= {Extended Pseudo-{{Voigt}} Function for Approximating the
		  {{Voigt}} Profile},
  author	= {Ida, T. and Ando, M. and Toraya, H.},
  year		= {2000},
  month		= dec,
  volume	= {33},
  pages		= {1311--1316},
  issn		= {0021-8898},
  doi		= {10.1107/S0021889800010219},
  journal	= {Journal of Applied Crystallography},
  number	= {6}
}

@Article{	  Jofre2019,
  title		= {Accuracy and Precision of Industrial Stellar Abundances},
  author	= {Jofr{\'e}, Paula and Heiter, Ulrike and Soubiran,
		  Caroline},
  year		= {2019},
  month		= aug,
  volume	= {57},
  pages		= {571--616},
  issn		= {0066-4146, 1545-4282},
  doi		= {10.1146/annurev-astro-091918-104509},
  archiveprefix	= {arXiv},
  eprint	= {1811.08041},
  eprinttype	= {arxiv},
  journal	= {\araa},
  number	= {1}
}

@Article{	  Lewis2002,
  title		= {The {{Anglo}}-{{Australian Observatory 2dF}} Facility},
  author	= {Lewis, I. J. and Cannon, R. D. and Taylor, K. and
		  Glazebrook, K. and Bailey, J. A. and Baldry, I. K. and
		  Barton, J. R. and Bridges, T. J. and Dalton, G. B. and
		  Farrell, T. J. and Gray, P. M. and Lankshear, A. and
		  McCowage, C. and Parry, I. R. and Sharples, R. M. and
		  Shortridge, K. and Smith, G. A. and Stevenson, J. and
		  Straede, J. O. and Waller, L. G. and Whittard, J. D. and
		  Wilcox, J. K. and Willis, K. C.},
  year		= {2002},
  month		= jun,
  volume	= {333},
  pages		= {279--298},
  issn		= {0035-8711, 1365-2966},
  doi		= {10.1046/j.1365-8711.2002.05333.x},
  journal	= {\mnras},
  number	= {2}
}

@TechReport{	  Lindegren2018a,
  title		= {Re-Normalising the Astrometric Chi-Square in {{Gaia
		  DR2}}},
  author	= {Lindegren, L},
  year		= {2018},
  institution	= {{Lund Observatory}}
}

@Article{	  matplotlib,
  author	= "Hunter, John D.",
  title		= "Matplotlib: A 2D Graphics Environment",
  journal	= "Computing in Science \& Engineering",
  year		= "2007",
  volume	= "9",
  number	= "3",
  pages		= "90-95",
  url		= "http://scitation.aip.org/content/aip/journal/cise/9/3/10.1109/MCSE.2007.55",
  doi		= "http://dx.doi.org/10.1109/MCSE.2007.55"
}

@Article{	  Mauro2014,
  title		= {Deriving Metallicities from Calcium Triplet Spectroscopy
		  in Combination with Near-Infrared Photometry},
  author	= {Mauro, F. and Moni Bidin, C. and Geisler, D. and Saviane,
		  I. and Da Costa, G. S. and {Gormaz-Matamala}, A. C. and
		  Vasquez, S. and Chen{\'e}, A.-N. and Cohen, R. and Dias,
		  B.},
  year		= {2014},
  month		= mar,
  volume	= {563},
  pages		= {A76},
  issn		= {0004-6361, 1432-0746},
  doi		= {10.1051/0004-6361/201322929},
  journal	= {\aap}
}

@InProceedings{	  McKinney2010,
  title		= {Data {{Structures}} for {{Statistical Computing}} in
		  {{Python}}},
  author	= {McKinney, Wes},
  year		= {2010},
  pages		= {6}
}

@Article{	  numpy,
  author	= "{van~der~Walt}, Stefan and Colbert, S. Chris and
		  Varoquaux, Gael",
  title		= "The NumPy Array: A Structure for Efficient Numerical
		  Computation",
  journal	= "Computing in Science \& Engineering",
  year		= "2011",
  volume	= "13",
  number	= "2",
  pages		= "22-30",
  url		= "http://scitation.aip.org/content/aip/journal/cise/13/2/10.1109/MCSE.2011.37",
  doi		= "http://dx.doi.org/10.1109/MCSE.2011.37"
}

@Article{	  pandas,
  author	= {Mckinney, Wes},
  year		= {2010},
  month		= {01},
  pages		= {},
  title		= {Data Structures for Statistical Computing in Python},
  booktitle	= {Proceedings of the 9th Python in Science Conference}
}

@Article{	  SciPy1.0Contributors2020,
  ids		= {Virtanen2019},
  title		= {{{SciPy}} 1.0: Fundamental Algorithms for Scientific
		  Computing in {{Python}}},
  author	= {{SciPy 1.0 Contributors} and others},
  year		= {2020},
  month		= mar,
  volume	= {17},
  pages		= {261--272},
  issn		= {1548-7091, 1548-7105},
  doi		= {10.1038/s41592-019-0686-2},
  archiveprefix	= {arXiv},
  eprint	= {1907.10121},
  eprinttype	= {arxiv},
  journal	= {Nature Methods},
  number	= {3}
}

@Misc{		  seaborn,
  author	= {Michael Waskom and Olga Botvinnik and Drew O'Kane and Paul
		  Hobson and Yaroslav Halchenko and Saulius Lukauskas and
		  Jordi Warmenhoven and John B. Cole and Stephan Hoyer and
		  Jake Vanderplas and gkunter and Santi Villalba and Eric
		  Quintero and Marcel Martin and Alistair Miles and Kyle
		  Meyer and Tom Augspurger and Tal Yarkoni and Pete Bachant
		  and Constantine Evans and Clark Fitzgerald and Tamas Nagy
		  and Erik Ziegler and Tobias Megies and Daniel Wehner and
		  Samuel St-Jean and Luis Pedro Coelho and Gregory Hitz and
		  Antony Lee and Luc Rocher},
  title		= {seaborn: v0.7.0 (January 2016)},
  month		= jan,
  year		= 2016,
  doi		= {10.5281/zenodo.45133},
  url		= {http://dx.doi.org/10.5281/zenodo.45133}
}

@InProceedings{	  Sharp2006,
  ids		= {Sharp2006},
  title		= {Performance of {{AAOmega}}: The {{AAT}} Multi-Purpose
		  Fiber-Fed Spectrograph},
  booktitle	= {{{SPIE Astronomical Telescopes}} + {{Instrumentation}}},
  author	= {Sharp, Robert and Saunders, Will and Smith, Greg and
		  Churilov, Vladimir and Correll, David and Dawson, John and
		  Farrel, Tony and Frost, Gabriella and Haynes, Roger and
		  Heald, Ron and Lankshear, Allan and Mayfield, Don and
		  Waller, Lew and Whittard, Dennis},
  editor	= {McLean, Ian S. and Iye, Masanori},
  year		= {2006},
  month		= jun,
  pages		= {62690G},
  address	= {{Orlando, Florida , USA}},
  doi		= {10.1117/12.671022}
}

@Article{	  Starkenburg2010,
  title		= {The {{NIR Ca}} Ii Triplet at Low Metallicity:
		  {{Searching}} for Extremely Low-Metallicity Stars in
		  Classical Dwarf Galaxies},
  author	= {Starkenburg, E. and Hill, V. and Tolstoy, E. and
		  Gonz{\'a}lez Hern{\'a}ndez, J. I. and Irwin, M. and Helmi,
		  A. and Battaglia, G. and Jablonka, P. and Tafelmeyer, M.
		  and Shetrone, M. and Venn, K. and {de Boer}, T.},
  year		= {2010},
  month		= apr,
  volume	= {513},
  pages		= {A34},
  issn		= {0004-6361, 1432-0746},
  doi		= {10.1051/0004-6361/200913759},
  journal	= {\aap}
}

@InProceedings{	  Taylor2005,
  title		= {{{TOPCAT STIL}}: {{Starlink Table}}/{{VOTable Processing
		  Software}}},
  booktitle	= {{{ADASS XIV}}},
  author	= {Taylor, M B},
  editor	= {Shopbell, P and Britton, M and Ebert, R},
  year		= {2005},
  month		= dec,
  pages		= {29}
}

@InProceedings{	  Taylor2006,
  title		= {{{STILTS}} - {{A Package}} for {{Command}}-{{Line
		  Processing}} of {{Tabular Data}}},
  booktitle	= {{{ADASS XV}}},
  author	= {Taylor, M B},
  editor	= {Gabriel, C and Arviset, C and Ponz, D and Enrique, S},
  year		= {2006},
  month		= jul,
  pages		= {666}
}

@Article{	  TheAstropyCollaboration2018,
  title		= {The {{Astropy Project}}: {{Building}} an {{Open}}-Science
		  {{Project}} and {{Status}} of the v2.0 {{Core Package}}},
  author	= {{The Astropy Collaboration} and others},
  year		= {2018},
  month		= aug,
  volume	= {156},
  pages		= {123},
  issn		= {1538-3881},
  doi		= {10.3847/1538-3881/aabc4f},
  journal	= {\aj},
  number	= {3}
}

@Article{	  Thompson1987,
  title		= {Rietveld Refinement of {{Debye}}\textendash{{Scherrer}}
		  Synchrotron {{X}}-Ray Data from {{Al}} {\textsubscript{2}}
		  {{O}} {\textsubscript{3}}},
  author	= {Thompson, P. and Cox, D. E. and Hastings, J. B.},
  year		= {1987},
  month		= apr,
  volume	= {20},
  pages		= {79--83},
  issn		= {0021-8898},
  doi		= {10.1107/S0021889887087090},
  journal	= {Journal of Applied Crystallography},
  number	= {2}
}

@Article{	  Usher2019,
  title		= {The {{WAGGS}} Project \textendash{} {{II}}. {{The}}
		  Reliability of the Calcium Triplet as a Metallicity
		  Indicator in Integrated Stellar Light},
  author	= {Usher, Christopher and Beckwith, Thomas and Bellstedt,
		  Sabine and Alabi, Adebusola and Chevalier, Leonie and
		  Pastorello, Nicola and Cerulo, Pierluigi and Dalgleish,
		  Hannah S and {Fraser-McKelvie}, Amelia and Kamann,
		  Sebastian and Penny, Samantha and Foster, Caroline and
		  McDermid, Richard and Schiavon, Ricardo P and Villaume,
		  Alexa},
  year		= {2019},
  month		= jan,
  volume	= {482},
  pages		= {1275--1303},
  issn		= {0035-8711, 1365-2966},
  doi		= {10.1093/mnras/sty2611},
  journal	= {\mnras},
  number	= {1}
}

@Article{	  Vasquez2018,
  title		= {Homogeneous Metallicities and Radial Velocities for
		  {{Galactic}} Globular Clusters: {{II}}. {{New CaT}}
		  Metallicities for 28 Distant and Reddened Globular
		  Clusters},
  author	= {V{\'a}squez, S. and Saviane, I. and Held, E. V. and Da
		  Costa, G. S. and Dias, B. and Gullieuszik, M. and Barbuy,
		  B. and Ortolani, S. and Zoccali, M.},
  year		= {2018},
  month		= nov,
  volume	= {619},
  pages		= {A13},
  issn		= {0004-6361, 1432-0746},
  doi		= {10.1051/0004-6361/201833525},
  journal	= {\aap}
}
